@ARTICLE{Tang2017,
  title     = "The spike-and-slab lasso generalized linear models for
               prediction and associated genes detection",
  author    = "Tang, Zaixiang and Shen, Yueping and Zhang, Xinyan and Yi,
               Nengjun",
  journal   = "Genetics",
  publisher = "Oxford University Press (OUP)",
  volume    =  205,
  number    =  1,
  pages     = "77--88",
  month     =  jan,
  year      =  2017,
  copyright = "https://academic.oup.com/journals/pages/open\_access/funder\_policies/chorus/standard\_publication\_model",
  language  = "en"
}
